{1:001BANK BCA}{2:I940ITB PENAMPUNGAN}{4:
:20:20240424001119
:25:7771931212
:28C:00115
:60F:C240424IDR9903779878
:61:240424C5000000NTRF
:86:780362400000020245Arxxxxxxxxxx
:61:240424C1000000NTRF
:86:780362400000020245Elxxxxxxxxxx
:61:240424C1000000NTRF
:86:780362400000020245Amxxxxxxxxxx
:61:240424C200000NTRF
:86:780362400000020245Alxxxxxxxxxx
:61:240424C2250000NTRF
:86:780361300000020232Glxxxxxxxxxx
:61:240424C3750000NTRF
:86:780361600000020232Alxxxxxxxxxx
:61:240424C10000000NTRF
:86:780362400000020245Amxxxxxxxxxx
:61:240424C3750000NTRF
:86:780361200000020232Faxxxxxxxxxx
:61:240424C12500000NTRF
:86:780361900000020232Stxxxxxxxxxx
:61:240424C1000000NTRF
:86:780362400000020245Raxxxxxxxxxx
:61:240424C500000NTRF
:86:780362400000020245Daxxxxxxxxxx
:61:240424C500000NTRF
:86:780362400000020245Muxxxxxxxxxx
:62F:C240424IDR9945229878
-}
