{1:001BANK BCA}{2:I940ITB PENAMPUNGAN}{4:
:20:20240423233208
:25:7771931212
:28C:00114
:60F:C240423IDR9870279878
:61:240422C15000000NTRF
:86:780361400000020232Joxxxxxxxxxx
:61:240423C3750000NTRF
:86:780361800000020232Muxxxxxxxxxx
:61:240423C2500000NTRF
:86:780361900000020232Rixxxxxxxxxx
:61:240423C3750000NTRF
:86:780361000000020232Alxxxxxxxxxx
:61:240423C1000000NTRF
:86:780361900000020232Alxxxxxxxxxx
:61:240423C600000NTRF
:86:780362400000020246Erxxxxxxxxxx
:61:240423C750000NTRF
:86:780362400000020246Chxxxxxxxxxx
:61:240423C2400000NTRF
:86:780361900000020232Kexxxxxxxxxx
:61:240423C3750000NTRF
:86:780361300000020232Stxxxxxxxxxx
:62F:C240423IDR9903779878
-}
