{1:F01PT BANK JABAR BANTEN}{2:I940ITB}{4:
:20:20240430071129042
:25:0270020003817
:28:00083
:60F:C240429IDR4316189964
:61:240429C12500000NTRF
:86:PAY EDUPAY ITB|2400000020241||
:61:240429C7500000NTRF
:86:PAY EDUPAY ITB|2400000020241||
:61:240429C14500000NTRF
:86:PAY EDUPAY ITB|2400000020241||
:61:240429C10000000NTRF
:86:PAY EDUPAY ITB|2400000020241||
:61:240429C12500000NTRF
:86:PAY EDUPAY ITB|2400000020241||
:61:240429C12500000NTRF
:86:PAY EDUPAY ITB|2400000020241||
:61:240429C12500000NTRF
:86:PAY EDUPAY ITB|2400000020241||
:61:240429C7500000NTRF
:86:PAY EDUPAY ITB|2400000020241||
:61:240429C7500000NTRF
:86:PAY EDUPAY ITB|2400000020241||
:61:240429C7500000NTRF
:86:PAY EDUPAY ITB|2400000020241||
:62F:C240429IDR4420689964
-}