{1:F01PT BANK SYARIAH INDONESIA}{2:I940}{4:
:20:2024042800:00:00
:25:1920401920
:28:119
:60F:C240428IDR28299213334
:61:240428C12500000NTRF
:86:MB SBI 57022024124000000
:61:240428C10000000NTRF
:86:IB SBI 57022024124000000
:61:240428C10000000NTRF
:86:MB SBI 57022024124000000
:61:240428C7500000NTRF
:86:MB SBI 57022024124000000
:61:240428C14500000NTRF
:86:MB SBI 57022024124000000
:61:240428C12500000NTRF
:86:MB SBI 57022024124000000
:62F:C240428IDR28366213334
-}
