{1:F01PT BANK SYARIAH INDONESIA}{2:I940}{4:
:20:2024050100:00:00
:25:1920401920
:28:122
:60F:C240501IDR28639902405
:61:240501C12500000NTRF
:86:MB SBI 57022024124000000
:61:240501C7250000NTRF
:86:MB SBI 57022024124000000
:61:240501C3750000NTRF
:86:MB SBI 57022023215000000
:61:240501C75000NTRF
:86:MB SBI 57022023222000000
:61:240501C100000NTRF
:86:MB SBI 57022023222000000
:62F:C240501IDR28663577405
-}
