{1:F08CIMBNIAGA}{2:I940ITB}{4:
:20:20240430022606
:25:800063532400
:28C:03042
:60F:C240430IDR0,00
:61:240430C7500000,00NINT
:86:5327132000800330    UNIV. ITB
:61:240430C14500000,00NINT
:86:5576920057309132    UNIV. ITB
:61:240430C5000000,00NINT
:86:5899290014100945    UNIV. ITB
:61:240430D27000000,00NTRF
:62F:C240430IDR0,00
-}
