{1:F01PT BANK MANDIRI TBK}{2:I940ITB}{4:
:20:20240424005355
:25:1300022303336
:28C:00115
:60F:C240424IDR44497060
:61:240424C250000NTRF
:86:UBP60228886801FFFFFF8886825002101101
:61:240424C250000NTRF
:86:UBP60148886801FFFFFF8886825002101101
:61:240424C250000NTRF
:86:UBP60148886801FFFFFF8886825002101101
:61:240424C250000NTRF
:86:UBP60228886801FFFFFF8886825002101101
:61:240424C250000NTRF
:86:UBP60148886801FFFFFF8886825002101101
:61:240424C250000NTRF
:86:UBP60228886801FFFFFF8886825002101101
:61:240424C225000NMSC
:86:UBP60228886801FFFFFF8886825002202105
:61:240424C250000NTRF
:86:UBP60228886801FFFFFF8886825002101101
:62F:C240424IDR46472060
-}