{1:F01PT BANK MANDIRI TBK}{2:I940ITB}{4:
:20:20240818004852
:25:1300022303336
:28C:00231
:60F:C240818IDR70927410
:61:240818C400000NTRF
:86:UBP60228886801FFFFFF8886825002101101
:61:240818C400000NTRF
:86:UBP60228886801FFFFFF8886825002101101
:61:240818C250000NTRF
:86:UBP60148886801FFFFFF8886825002101101
:62F:C240818IDR71977410
-}