{1:F01PT BANK MANDIRI TBK}{2:I940ITB}{4:
:20:20240814005819
:25:1300022303336
:28C:00227
:60F:C240814IDR57777410
:61:240814C250000NMSC
:86:UBP66668886801FFFFFF8886825002101101
:61:240814C250000NTRF
:86:UBP60148886801FFFFFF8886825002101101
:61:240814C250000NTRF
:86:UBP60148886801FFFFFF8886825002101101
:62F:C240814IDR58527410
-}