{1:F01PT BANK MANDIRI TBK}{2:I940ITB}{4:
:20:20240815010359
:25:1300031303335
:28C:00228
:60F:C240815IDR2673110
:61:240815D500000NMSC
:86:8100145777161|D0BE9264  /0000035322/JPN-
:61:240815D500000NMSC
:86:8100145777349|74866739  /0000708500/VAP-
:61:240815D300000NCLR
:86:8100145773602|S1AW1CTS  /6784833348/ATM-
:61:240815D52500NMSC
:86:FLEET_AUTO_DEBIT_1086
:61:240815D250000NMSC
:86:8100145777159|30010870  /1586664200/JPN-
:61:240815D300000NMSC
:86:8100145771569|30010868  /1550669482/JPN-
:61:240815D350000NMSC
:86:8100145773602|78724716  /0000731771/VAP-
:61:240815D300000NMSC
:86:8100145771782|D0BL2613  /0000064585/JPN-
:61:240815C35429548NTRF
:86:2342964 236735 BAT 4828 IT1 B05 2 KU 202
:61:240815D400000NMSC
:86:8100145778190|D0AZ0714  /0000060029/JPN-
:62F:C240815IDR35150158
-}