{1:F01PT BANK MANDIRI TBK}{2:I940ITB}{4:
:20:20240829010342
:25:1300031303335
:28C:00242
:60F:C240829IDR10642339
:61:240829D500000NMSC
:86:8100145777161|79445319  /0000245858/VAP-
:61:240829D500000NMSC
:86:8100145777349|77195752  /0000259561/VAP-
:61:240829D300000NMSC
:86:8100145772776|D0AZ0714  /0000066813/JPN-
:61:240829D300000NMSC
:86:8100145773602|30010868  /1823196358/JPN-
:61:240829D207000NTRF
:86:7771950250/OI36000864132601
:61:240829D6500NCHG
:86:Transfer Fee         202408291002825390
:61:240829D400000NMSC
:86:8100145775653|D0BL2613  /0000068286/JPN-
:61:240829D300000NMSC
:86:8100145778526|77195752  /0000417039/VAP-
:61:240829D500000NTRF
:86:FLEET_HOLDAMOUNT_ETF20240829-41
:62F:C240829IDR7628839
-}