{1:F01PT BANK MANDIRI TBK}{2:I940ITB}{4:
:20:20240430030849
:25:1300080303335
:28C:00121
:60F:C240430IDR2858706585
:61:240430D4600000NTRF
:86:321 BMRI UKA 24 Pengadaan Solar Charger
:61:240430D1665000NTRF
:86:322 BMRI UKA 24 Microwave
:61:240430D20147400NMSC
:86:186513 ITBB001 3004240946
:61:240430D11955000NMSC
:86:186514 ITBB001 3004240947
:61:240430D23430250NMSC
:86:186515 ITBB001 3004240950
:61:240430D20768919NTRF
:86:326 BMRI UKA 24 Jasa Perbaikan AC Split
:61:240430D381081NTRF
:86:UBP60275001201FFFFFF128742932069071
:61:240430D9592000NTRF
:86:327 BMRI UKA 24 Cetak Plakat
:61:240430D176000NTRF
:86:UBP60275001201FFFFFF128742940596113
:61:240430D45092700NMSC
:86:186516 ITBB001 3004241553
:61:240430D3715000NMSC
:86:187509 ITBB001 3004241554
:61:240430D9800000NMSC
:86:186517 ITBB001 3004241554
:61:240430C2382587NINT
:86:INTEREST
:61:240430D476517NTAX
:86:GOV TAX
:62F:C240430IDR2709289304
-}