{1:F01PT BANK NEGARA INDONESIA}{2:I940}{4:
:20:20210929060023
:25:900001013
:28:271
:60F:C210928IDR240425000
:61:210928C42212500NTRF//
:86:TRANSFER DARI|521957|BNI-ITB S1 TRX 27 Sep 2021|11
:61:210928D277637500NTRF//
:86:TRANSFER KE|358291|90000101-3 TO        90000001-9 SWEEP|
:62F:C210928IDR5000000
:64:C210928IDR5000000
-}
