{1:F01PT BANK NEGARA INDONESIA}{2:I940}{4:
:20:20211002060018
:25:900001013
:28:274
:60F:C211001IDR80400000
:61:211001C5000000NTRF//
:86:KREDIT LAIN-LAIN|230596|008 NITHYA BHASKARA BIAYA KULIAH MICHEL FANG 21-22|
:61:211001C28500000NTRF//
:86:TRANSFER DARI|073590|BNI-ITB S1 TRX 30 Sep 2021|7
:62F:C211001IDR113900000
:64:C211001IDR113900000
-}
