{1:F14BANKBTN}{2:I940ITB}{4:
:20:20240331031909
:25:0000601300012236
:28C:0000937
:60F:C240331IDR26800235788
:61:240331C24658534NINT
:86:160 Bunga Rekening
:61:240331D4931707NMSC
:86:198 Pajak
:61:240331D25000NCHG
:86:453 Biaya Administrasi
:61:240331D10000NCHG
:86:455 Statement Stamp Duty Fee
:62F:C240331IDR26819927615
-}
